<record><leader>00000cas a22000007a 4500</leader><controlfield tag="001">20176224</controlfield><controlfield tag="008">890814d18941908paucr ne      0    0eng d</controlfield><datafield ind1=" " ind2=" " tag="010"><subfield code="a">sn 89077271 </subfield></datafield><datafield ind1=" " ind2=" " tag="040"><subfield code="a">NPH</subfield><subfield code="b">eng</subfield><subfield code="c">NPH</subfield><subfield code="d">OCLCQ</subfield></datafield><datafield ind1=" " ind2=" " tag="042"><subfield code="a">msc</subfield></datafield><datafield ind1="0" ind2=" " tag="130"><subfield code="a">Semi-weekly report (Lebanon, Pa.)</subfield></datafield><datafield ind1="1" ind2="0" tag="245"><subfield code="a">Semi-weekly report.</subfield></datafield><datafield ind1="1" ind2="7" tag="246"><subfield code="a">Report</subfield></datafield><datafield ind1=" " ind2=" " tag="260"><subfield code="a">Lebanon, Pa. :</subfield><subfield code="b">Report Pub. Co.,</subfield><subfield code="c">1894-1908.</subfield></datafield><datafield ind1=" " ind2=" " tag="300"><subfield code="a">v. :</subfield><subfield code="b">ill. (chiefly advertisements)</subfield></datafield><datafield ind1=" " ind2=" " tag="310"><subfield code="a">Semiweekly</subfield></datafield><datafield ind1="0" ind2=" " tag="362"><subfield code="a">Vol. 4, no. 1 (Aug. 1, 1894)-v. 17, no. 70 (May 1, 1908).</subfield></datafield><datafield ind1=" " ind2=" " tag="752"><subfield code="a">United States</subfield><subfield code="b">Pennsylvania</subfield><subfield code="c">Lebanon</subfield><subfield code="d">Lebanon.</subfield></datafield><datafield ind1="0" ind2=" " tag="775"><subfield code="t">Daily report (Lebanon, Pa.)</subfield><subfield code="w">(DLC)sn 87080042</subfield></datafield><datafield ind1="0" ind2=" " tag="775"><subfield code="t">Morning report (Lebanon, Pa.)</subfield><subfield code="w">(DLC)sn 89077269</subfield></datafield><datafield ind1="0" ind2=" " tag="775"><subfield code="t">Evening report (Lebanon, Pa.)</subfield><subfield code="w">(DLC)sn 87078043</subfield></datafield><datafield ind1="0" ind2="0" tag="780"><subfield code="t">Weekly report (Lebanon, Pa.)</subfield><subfield code="w">(DLC)sn 89077270</subfield></datafield><datafield ind1="0" ind2="7" tag="785"><subfield code="t">Lebanon courier</subfield><subfield code="w">(DLC)sn 83032234</subfield></datafield><datafield ind1="0" ind2="7" tag="785"><subfield code="t">Lebanon courier and semi-weekly report</subfield><subfield code="w">(DLC)sn 86081673</subfield></datafield></record>